<record><leader>00000cas a2200000 a 4500</leader><controlfield tag="001">48794259</controlfield><controlfield tag="007">hd afb---baca</controlfield><controlfield tag="007">hd bfb---baaa</controlfield><controlfield tag="008">870427u1957uuuudcudr nea     0   e0chi c</controlfield><datafield ind1=" " ind2=" " tag="010"><subfield code="a">sn2006058026</subfield></datafield><datafield ind1=" " ind2=" " tag="040"><subfield code="a">PUL</subfield><subfield code="b">eng</subfield><subfield code="c">PUL</subfield><subfield code="d">OCL</subfield><subfield code="d">DLC</subfield><subfield code="d">OCLCQ</subfield><subfield code="d">OCLCF</subfield><subfield code="d">OCLCO</subfield><subfield code="d">OCLCQ</subfield></datafield><datafield ind1=" " ind2=" " tag="066"><subfield code="c">$1</subfield></datafield><datafield ind1=" " ind2=" " tag="042"><subfield code="a">pcc</subfield></datafield><datafield ind1=" " ind2=" " tag="043"><subfield code="a">a-cc---</subfield><subfield code="a">a-cc-pe</subfield></datafield><datafield ind1="0" ind2="0" tag="050"><subfield code="a">Newspaper</subfield></datafield><datafield ind1="0" ind2=" " tag="130"><subfield code="6">880-01</subfield><subfield code="a">Da gong bao (Beijing, China)</subfield></datafield><datafield ind1="1" ind2="0" tag="245"><subfield code="6">880-02</subfield><subfield code="a">Da gong bao.</subfield></datafield><datafield ind1="1" ind2="3" tag="246"><subfield code="a">Ta Kung Pao Peking China</subfield></datafield><datafield ind1="1" ind2="3" tag="246"><subfield code="a">China Peking Ta Kung Pao</subfield></datafield><datafield ind1="1" ind2="3" tag="246"><subfield code="a">China Peiping Ta Kung Pao</subfield></datafield><datafield ind1=" " ind2=" " tag="260"><subfield code="6">880-03</subfield><subfield code="a">Beijing :</subfield><subfield code="b">[Da gong bao],</subfield><subfield code="c">1957-</subfield></datafield><datafield ind1=" " ind2=" " tag="300"><subfield code="a">volumes :</subfield><subfield code="b">illustrations</subfield></datafield><datafield ind1=" " ind2=" " tag="336"><subfield code="a">text</subfield><subfield code="b">txt</subfield><subfield code="2">rdacontent</subfield></datafield><datafield ind1=" " ind2=" " tag="337"><subfield code="a">microform</subfield><subfield code="b">h</subfield><subfield code="2">rdamedia</subfield></datafield><datafield ind1=" " ind2=" " tag="338"><subfield code="a">microfilm reel</subfield><subfield code="b">hd</subfield><subfield code="2">rdacarrier</subfield></datafield><datafield ind1="0" ind2=" " tag="362"><subfield code="6">880-04</subfield><subfield code="a">Di 19102 hao (1957 nian 1 yue 1 ri [Jan. 1, 1957])-</subfield></datafield><datafield ind1=" " ind2=" " tag="500"><subfield code="a">Title from masthead.</subfield></datafield><datafield ind1=" " ind2=" " tag="533"><subfield code="a">Microfilm.</subfield><subfield code="b">Washington, D.C. :</subfield><subfield code="c">Library of Congress, Photoduplication Service.</subfield><subfield code="e">microfilm reels ; 35 mm.</subfield></datafield><datafield ind1=" " ind2="0" tag="651"><subfield code="a">Beijing (China)</subfield><subfield code="v">Newspapers.</subfield></datafield><datafield ind1=" " ind2="7" tag="651"><subfield code="a">China</subfield><subfield code="z">Beijing.</subfield><subfield code="2">fast</subfield><subfield code="0">(OCoLC)fst01205740</subfield></datafield><datafield ind1=" " ind2="7" tag="655"><subfield code="a">Newspapers.</subfield><subfield code="2">fast</subfield><subfield code="0">(OCoLC)fst01423814</subfield></datafield><datafield ind1=" " ind2=" " tag="752"><subfield code="a">China</subfield><subfield code="d">Beijing.</subfield></datafield><datafield ind1="0" ind2="0" tag="780"><subfield code="a">Da gong bao (Tianjin, China : 1953)</subfield></datafield><datafield ind1="0" ind2=" " tag="880"><subfield code="6">130-01/$1</subfield><subfield code="a">&#22823;&#20844;&#22577; (Beijing, China)</subfield></datafield><datafield ind1="1" ind2="0" tag="880"><subfield code="6">245-02/$1</subfield><subfield code="a">&#22823;&#20844;&#22577;.</subfield></datafield><datafield ind1=" " ind2=" " tag="880"><subfield code="6">260-03/$1</subfield><subfield code="a">&#21271;&#20140; :</subfield><subfield code="b">[&#22823;&#20844;&#22577;],</subfield><subfield code="c">1957-</subfield></datafield><datafield ind1="0" ind2=" " tag="880"><subfield code="6">362-04/$1</subfield><subfield code="a">&#31532;19102&#21495; (1957&#24180;1&#26376;1&#26085; [Jan. 1, 1957])-</subfield></datafield><datafield ind1="1" ind2=" " tag="029"><subfield code="a">AU@</subfield><subfield code="b">000015450087</subfield></datafield></record>